<record><leader>00000cas a2200000 a 4500</leader><controlfield tag="001">28124942</controlfield><controlfield tag="008">930518d18811885maudn ne      0    0eng c</controlfield><datafield ind1=" " ind2=" " tag="010"><subfield code="a">sn 93058811 </subfield></datafield><datafield ind1=" " ind2=" " tag="040"><subfield code="a">MGN</subfield><subfield code="b">eng</subfield><subfield code="c">MGN</subfield><subfield code="d">NVF</subfield><subfield code="d">OCLCQ</subfield><subfield code="d">OCLCF</subfield><subfield code="d">OCLCO</subfield></datafield><datafield ind1="1" ind2=" " tag="029"><subfield code="a">AU@</subfield><subfield code="b">000025857058</subfield></datafield><datafield ind1=" " ind2=" " tag="042"><subfield code="a">pcc</subfield></datafield><datafield ind1=" " ind2=" " tag="043"><subfield code="a">n-us-ma</subfield></datafield><datafield ind1="0" ind2="0" tag="245"><subfield code="a">Salem evening post.</subfield></datafield><datafield ind1="3" ind2="0" tag="246"><subfield code="a">Evening post</subfield></datafield><datafield ind1="1" ind2="3" tag="246"><subfield code="a">Salem post</subfield></datafield><datafield ind1="1" ind2="3" tag="246"><subfield code="a">Daily post</subfield><subfield code="f">July 8, 1882-Feb. 6, 1885</subfield></datafield><datafield ind1=" " ind2=" " tag="260"><subfield code="a">Salem, Mass. :</subfield><subfield code="b">Chas. H. Webber &amp; Co.</subfield></datafield><datafield ind1=" " ind2=" " tag="300"><subfield code="a">v.</subfield></datafield><datafield ind1=" " ind2=" " tag="310"><subfield code="a">Daily (except Sunday)</subfield></datafield><datafield ind1="0" ind2=" " tag="362"><subfield code="a">Vol. 3, no. 47 (Dec. 1, 1881)-v. 6, no. 42 (Feb. 6, 1885).</subfield></datafield><datafield ind1=" " ind2=" " tag="500"><subfield code="a">Publishers: Charles H. Webber, Jan. 2-July 1, 1882; Charles D. Howard, July 8, 1882-1885.</subfield></datafield><datafield ind1=" " ind2=" " tag="500"><subfield code="a">"Evening" appears above the Second Corps of Cadets Armory ornament, July 8, 1882-1885.</subfield></datafield><datafield ind1=" " ind2=" " tag="515"><subfield code="a">Vol. 4, no. 23 (Jan. 2, 1882)-v. 6, no. 62 (July 1, 1882) also called no. 173-332.</subfield></datafield><datafield ind1=" " ind2=" " tag="515"><subfield code="a">Suspended July 2-7, 1882.</subfield></datafield><datafield ind1=" " ind2=" " tag="515"><subfield code="a">Numbering begins again with v. 2, no. 21 (July 8, 1882).</subfield></datafield><datafield ind1=" " ind2=" " tag="580"><subfield code="a">Weekly eds.: Salem post (Salem, Mass. : 1874), 1881-1882, Salem weekly post, 1882-&lt;1883&gt;.</subfield></datafield><datafield ind1=" " ind2="0" tag="651"><subfield code="a">Salem (Mass.)</subfield><subfield code="v">Newspapers.</subfield></datafield><datafield ind1=" " ind2="7" tag="655"><subfield code="a">Newspapers.</subfield><subfield code="2">fast</subfield><subfield code="0">(OCoLC)fst01423814</subfield></datafield><datafield ind1=" " ind2="7" tag="651"><subfield code="a">Massachusetts</subfield><subfield code="z">Salem.</subfield><subfield code="2">fast</subfield><subfield code="0">(OCoLC)fst01205839</subfield></datafield><datafield ind1=" " ind2=" " tag="752"><subfield code="a">United States</subfield><subfield code="b">Massachusetts</subfield><subfield code="c">Essex</subfield><subfield code="d">Salem.</subfield></datafield><datafield ind1="1" ind2=" " tag="775"><subfield code="t">Salem post (Salem, Mass. : 1874)</subfield><subfield code="w">(DLC)sn 83020366</subfield></datafield><datafield ind1="1" ind2=" " tag="775"><subfield code="t">Salem weekly post</subfield><subfield code="w">(DLC)sn 94055600</subfield></datafield><datafield ind1="0" ind2="0" tag="780"><subfield code="t">Salem post (Salem, mass. : 1881)</subfield><subfield code="w">(DLC)sn 94055602</subfield></datafield><datafield ind1="0" ind2="0" tag="785"><subfield code="t">Evening telegram (Salem, Mass.)</subfield><subfield code="w">(DLC)sn 94055586</subfield></datafield></record>